<record><leader>00000cas a22000007a 4500</leader><controlfield tag="001">27347341</controlfield><controlfield tag="008">930129d18uu1895ctuwr ne      0    0eng d</controlfield><datafield ind1=" " ind2=" " tag="010"><subfield code="a">sn 93053700 </subfield></datafield><datafield ind1=" " ind2=" " tag="040"><subfield code="a">CNW</subfield><subfield code="b">eng</subfield><subfield code="c">CNW</subfield><subfield code="d">OCL</subfield><subfield code="d">OCLCQ</subfield><subfield code="d">OCLCF</subfield><subfield code="d">OCLCO</subfield></datafield><datafield ind1="1" ind2=" " tag="029"><subfield code="a">AU@</subfield><subfield code="b">000020230152</subfield></datafield><datafield ind1=" " ind2=" " tag="042"><subfield code="a">msc</subfield></datafield><datafield ind1=" " ind2=" " tag="043"><subfield code="a">n-us-ct</subfield></datafield><datafield ind1="0" ind2="0" tag="245"><subfield code="a">Waterbury weekly American.</subfield></datafield><datafield ind1="1" ind2="7" tag="246"><subfield code="a">Weekly American</subfield></datafield><datafield ind1=" " ind2=" " tag="260"><subfield code="a">Waterbury, Conn. :</subfield><subfield code="b">[s.n.]</subfield></datafield><datafield ind1=" " ind2=" " tag="300"><subfield code="a">v.</subfield></datafield><datafield ind1=" " ind2=" " tag="310"><subfield code="a">Weekly</subfield></datafield><datafield ind1="0" ind2=" " tag="362"><subfield code="a">-Dec. 6, 1895.</subfield></datafield><datafield ind1=" " ind2=" " tag="530"><subfield code="a">Available on microfilm from UMI.</subfield></datafield><datafield ind1=" " ind2=" " tag="580"><subfield code="a">Daily eds.: Waterbury daily American, 18 -Aug. 4, 1894, and: Waterbury American (Waterbury, Conn. : 1894), Aug. 6, 1894-1895.</subfield></datafield><datafield ind1=" " ind2=" " tag="588"><subfield code="a">Description based on: Jan. 2, 1891.</subfield></datafield><datafield ind1=" " ind2="0" tag="651"><subfield code="a">Waterbury (Conn.)</subfield><subfield code="v">Newspapers.</subfield></datafield><datafield ind1=" " ind2="7" tag="655"><subfield code="a">Newspapers.</subfield><subfield code="2">fast</subfield><subfield code="0">(OCoLC)fst01423814</subfield></datafield><datafield ind1=" " ind2="7" tag="651"><subfield code="a">Connecticut</subfield><subfield code="z">Waterbury.</subfield><subfield code="2">fast</subfield><subfield code="0">(OCoLC)fst01206504</subfield></datafield><datafield ind1=" " ind2=" " tag="752"><subfield code="a">United States</subfield><subfield code="b">Connecticut</subfield><subfield code="c">New Haven</subfield><subfield code="d">Waterbury.</subfield></datafield><datafield ind1="1" ind2=" " tag="775"><subfield code="t">Waterbury daily American</subfield><subfield code="w">(DLC)sn 84022535</subfield><subfield code="w">(OCoLC)10466313</subfield></datafield><datafield ind1="1" ind2=" " tag="775"><subfield code="t">Waterbury American (Waterbury, Conn. : 1894)</subfield><subfield code="w">(DLC)sn 82016392</subfield><subfield code="w">(OCoLC)9309691</subfield></datafield><datafield ind1="0" ind2="0" tag="780"><subfield code="t">Waterbury American (Waterbury, Conn. : 1845)</subfield><subfield code="w">(DLC)sn 84022542</subfield><subfield code="w">(OCoLC)10466521</subfield></datafield><datafield ind1="0" ind2="0" tag="785"><subfield code="t">Waterbury American (Waterbury, Conn. : 1895)</subfield><subfield code="w">(DLC)sn 93053701</subfield></datafield></record>